%YAML 1.1
%TAG !u! tag:unity3d.com,2011:
--- !u!1 &8632339797380107274
GameObject:
  m_ObjectHideFlags: 0
  m_CorrespondingSourceObject: {fileID: 0}
  m_PrefabInstance: {fileID: 0}
  m_PrefabAsset: {fileID: 0}
  serializedVersion: 6
  m_Component:
  - component: {fileID: 8632339797380107273}
  - component: {fileID: 8632339797380107286}
  - component: {fileID: 8632339797380107287}
  - component: {fileID: 8632339797380107272}
  - component: {fileID: -3297154990404785393}
  m_Layer: 5
  m_Name: NotePrefab
  m_TagString: Untagged
  m_Icon: {fileID: 0}
  m_NavMeshLayer: 0
  m_StaticEditorFlags: 0
  m_IsActive: 1
--- !u!224 &8632339797380107273
RectTransform:
  m_ObjectHideFlags: 0
  m_CorrespondingSourceObject: {fileID: 0}
  m_PrefabInstance: {fileID: 0}
  m_PrefabAsset: {fileID: 0}
  m_GameObject: {fileID: 8632339797380107274}
  m_LocalRotation: {x: 0, y: 0, z: 0, w: 1}
  m_LocalPosition: {x: 0, y: 0, z: 0}
  m_LocalScale: {x: 1, y: 1, z: 1}
  m_Children:
  - {fileID: 4115998055810319042}
  - {fileID: 2101083226123470471}
  m_Father: {fileID: 0}
  m_RootOrder: 0
  m_LocalEulerAnglesHint: {x: 0, y: 0, z: 0}
  m_AnchorMin: {x: 0, y: 0}
  m_AnchorMax: {x: 0, y: 0}
  m_AnchoredPosition: {x: 0, y: 0}
  m_SizeDelta: {x: 0, y: 0}
  m_Pivot: {x: 0.5, y: 0.5}
--- !u!222 &8632339797380107286
CanvasRenderer:
  m_ObjectHideFlags: 0
  m_CorrespondingSourceObject: {fileID: 0}
  m_PrefabInstance: {fileID: 0}
  m_PrefabAsset: {fileID: 0}
  m_GameObject: {fileID: 8632339797380107274}
  m_CullTransparentMesh: 1
--- !u!114 &8632339797380107287
MonoBehaviour:
  m_ObjectHideFlags: 0
  m_CorrespondingSourceObject: {fileID: 0}
  m_PrefabInstance: {fileID: 0}
  m_PrefabAsset: {fileID: 0}
  m_GameObject: {fileID: 8632339797380107274}
  m_Enabled: 1
  m_EditorHideFlags: 0
  m_Script: {fileID: 11500000, guid: fe87c0e1cc204ed48ad3b37840f39efc, type: 3}
  m_Name: 
  m_EditorClassIdentifier: 
  m_Material: {fileID: 0}
  m_Color: {r: 0.23113209, g: 0.88351303, b: 1, a: 1}
  m_RaycastTarget: 1
  m_RaycastPadding: {x: 0, y: 0, z: 0, w: 0}
  m_Maskable: 1
  m_OnCullStateChanged:
    m_PersistentCalls:
      m_Calls: []
  m_Sprite: {fileID: 10905, guid: 0000000000000000f000000000000000, type: 0}
  m_Type: 1
  m_PreserveAspect: 0
  m_FillCenter: 1
  m_FillMethod: 4
  m_FillAmount: 1
  m_FillClockwise: 1
  m_FillOrigin: 0
  m_UseSpriteMesh: 0
  m_PixelsPerUnitMultiplier: 0.16
--- !u!114 &8632339797380107272
MonoBehaviour:
  m_ObjectHideFlags: 0
  m_CorrespondingSourceObject: {fileID: 0}
  m_PrefabInstance: {fileID: 0}
  m_PrefabAsset: {fileID: 0}
  m_GameObject: {fileID: 8632339797380107274}
  m_Enabled: 1
  m_EditorHideFlags: 0
  m_Script: {fileID: 11500000, guid: 4e29b1a8efbd4b44bb3f3716e73f07ff, type: 3}
  m_Name: 
  m_EditorClassIdentifier: 
  m_Navigation:
    m_Mode: 3
    m_WrapAround: 0
    m_SelectOnUp: {fileID: 0}
    m_SelectOnDown: {fileID: 0}
    m_SelectOnLeft: {fileID: 0}
    m_SelectOnRight: {fileID: 0}
  m_Transition: 1
  m_Colors:
    m_NormalColor: {r: 1, g: 1, b: 1, a: 1}
    m_HighlightedColor: {r: 0.9607843, g: 0.9607843, b: 0.9607843, a: 1}
    m_PressedColor: {r: 0.78431374, g: 0.78431374, b: 0.78431374, a: 1}
    m_SelectedColor: {r: 0.9607843, g: 0.9607843, b: 0.9607843, a: 1}
    m_DisabledColor: {r: 0.78431374, g: 0.78431374, b: 0.78431374, a: 0.5019608}
    m_ColorMultiplier: 1
    m_FadeDuration: 0.1
  m_SpriteState:
    m_HighlightedSprite: {fileID: 0}
    m_PressedSprite: {fileID: 0}
    m_SelectedSprite: {fileID: 0}
    m_DisabledSprite: {fileID: 0}
  m_AnimationTriggers:
    m_NormalTrigger: Normal
    m_HighlightedTrigger: Highlighted
    m_PressedTrigger: Pressed
    m_SelectedTrigger: Selected
    m_DisabledTrigger: Disabled
  m_Interactable: 1
  m_TargetGraphic: {fileID: 8632339797380107287}
  m_OnClick:
    m_PersistentCalls:
      m_Calls:
      - m_Target: {fileID: -3297154990404785393}
        m_TargetAssemblyTypeName: Current, Assembly-CSharp
        m_MethodName: Click
        m_Mode: 1
        m_Arguments:
          m_ObjectArgument: {fileID: 0}
          m_ObjectArgumentAssemblyTypeName: UnityEngine.Object, UnityEngine
          m_IntArgument: 0
          m_FloatArgument: 0
          m_StringArgument: 
          m_BoolArgument: 0
        m_CallState: 2
--- !u!114 &-3297154990404785393
MonoBehaviour:
  m_ObjectHideFlags: 0
  m_CorrespondingSourceObject: {fileID: 0}
  m_PrefabInstance: {fileID: 0}
  m_PrefabAsset: {fileID: 0}
  m_GameObject: {fileID: 8632339797380107274}
  m_Enabled: 1
  m_EditorHideFlags: 0
  m_Script: {fileID: 11500000, guid: 69505866845755548a3158b64cd76753, type: 3}
  m_Name: 
  m_EditorClassIdentifier: 
--- !u!1001 &5952100567786342886
PrefabInstance:
  m_ObjectHideFlags: 0
  serializedVersion: 2
  m_Modification:
    m_TransformParent: {fileID: 8632339797380107273}
    m_Modifications:
    - target: {fileID: 1099375122166502326, guid: a115957c02767564d8e6cd6f37b4aa36, type: 3}
      propertyPath: m_Name
      value: Title
      objectReference: {fileID: 0}
    - target: {fileID: 7096163902036113020, guid: a115957c02767564d8e6cd6f37b4aa36, type: 3}
      propertyPath: m_Text
      value: fhdbd
      objectReference: {fileID: 0}
    - target: {fileID: 7747578405185096484, guid: a115957c02767564d8e6cd6f37b4aa36, type: 3}
      propertyPath: m_Pivot.x
      value: 0.5
      objectReference: {fileID: 0}
    - target: {fileID: 7747578405185096484, guid: a115957c02767564d8e6cd6f37b4aa36, type: 3}
      propertyPath: m_Pivot.y
      value: 0.5
      objectReference: {fileID: 0}
    - target: {fileID: 7747578405185096484, guid: a115957c02767564d8e6cd6f37b4aa36, type: 3}
      propertyPath: m_RootOrder
      value: 0
      objectReference: {fileID: 0}
    - target: {fileID: 7747578405185096484, guid: a115957c02767564d8e6cd6f37b4aa36, type: 3}
      propertyPath: m_AnchorMax.x
      value: 0.5
      objectReference: {fileID: 0}
    - target: {fileID: 7747578405185096484, guid: a115957c02767564d8e6cd6f37b4aa36, type: 3}
      propertyPath: m_AnchorMax.y
      value: 0.5
      objectReference: {fileID: 0}
    - target: {fileID: 7747578405185096484, guid: a115957c02767564d8e6cd6f37b4aa36, type: 3}
      propertyPath: m_AnchorMin.x
      value: 0.5
      objectReference: {fileID: 0}
    - target: {fileID: 7747578405185096484, guid: a115957c02767564d8e6cd6f37b4aa36, type: 3}
      propertyPath: m_AnchorMin.y
      value: 0.5
      objectReference: {fileID: 0}
    - target: {fileID: 7747578405185096484, guid: a115957c02767564d8e6cd6f37b4aa36, type: 3}
      propertyPath: m_SizeDelta.x
      value: 325.04
      objectReference: {fileID: 0}
    - target: {fileID: 7747578405185096484, guid: a115957c02767564d8e6cd6f37b4aa36, type: 3}
      propertyPath: m_SizeDelta.y
      value: 61.86
      objectReference: {fileID: 0}
    - target: {fileID: 7747578405185096484, guid: a115957c02767564d8e6cd6f37b4aa36, type: 3}
      propertyPath: m_LocalPosition.x
      value: 0
      objectReference: {fileID: 0}
    - target: {fileID: 7747578405185096484, guid: a115957c02767564d8e6cd6f37b4aa36, type: 3}
      propertyPath: m_LocalPosition.y
      value: 0
      objectReference: {fileID: 0}
    - target: {fileID: 7747578405185096484, guid: a115957c02767564d8e6cd6f37b4aa36, type: 3}
      propertyPath: m_LocalPosition.z
      value: 0
      objectReference: {fileID: 0}
    - target: {fileID: 7747578405185096484, guid: a115957c02767564d8e6cd6f37b4aa36, type: 3}
      propertyPath: m_LocalRotation.w
      value: 1
      objectReference: {fileID: 0}
    - target: {fileID: 7747578405185096484, guid: a115957c02767564d8e6cd6f37b4aa36, type: 3}
      propertyPath: m_LocalRotation.x
      value: 0
      objectReference: {fileID: 0}
    - target: {fileID: 7747578405185096484, guid: a115957c02767564d8e6cd6f37b4aa36, type: 3}
      propertyPath: m_LocalRotation.y
      value: 0
      objectReference: {fileID: 0}
    - target: {fileID: 7747578405185096484, guid: a115957c02767564d8e6cd6f37b4aa36, type: 3}
      propertyPath: m_LocalRotation.z
      value: 0
      objectReference: {fileID: 0}
    - target: {fileID: 7747578405185096484, guid: a115957c02767564d8e6cd6f37b4aa36, type: 3}
      propertyPath: m_AnchoredPosition.x
      value: 9.96
      objectReference: {fileID: 0}
    - target: {fileID: 7747578405185096484, guid: a115957c02767564d8e6cd6f37b4aa36, type: 3}
      propertyPath: m_AnchoredPosition.y
      value: 76.55965
      objectReference: {fileID: 0}
    - target: {fileID: 7747578405185096484, guid: a115957c02767564d8e6cd6f37b4aa36, type: 3}
      propertyPath: m_LocalEulerAnglesHint.x
      value: 0
      objectReference: {fileID: 0}
    - target: {fileID: 7747578405185096484, guid: a115957c02767564d8e6cd6f37b4aa36, type: 3}
      propertyPath: m_LocalEulerAnglesHint.y
      value: 0
      objectReference: {fileID: 0}
    - target: {fileID: 7747578405185096484, guid: a115957c02767564d8e6cd6f37b4aa36, type: 3}
      propertyPath: m_LocalEulerAnglesHint.z
      value: 0
      objectReference: {fileID: 0}
    m_RemovedComponents: []
  m_SourcePrefab: {fileID: 100100000, guid: a115957c02767564d8e6cd6f37b4aa36, type: 3}
--- !u!224 &4115998055810319042 stripped
RectTransform:
  m_CorrespondingSourceObject: {fileID: 7747578405185096484, guid: a115957c02767564d8e6cd6f37b4aa36, type: 3}
  m_PrefabInstance: {fileID: 5952100567786342886}
  m_PrefabAsset: {fileID: 0}
--- !u!1001 &7440417676930615847
PrefabInstance:
  m_ObjectHideFlags: 0
  serializedVersion: 2
  m_Modification:
    m_TransformParent: {fileID: 8632339797380107273}
    m_Modifications:
    - target: {fileID: 3755495481551329904, guid: 01e1344503a7f794aac11ac0de9870aa, type: 3}
      propertyPath: m_Name
      value: Description
      objectReference: {fileID: 0}
    - target: {fileID: 8160757207232050267, guid: 01e1344503a7f794aac11ac0de9870aa, type: 3}
      propertyPath: m_text
      value: cjsjsbf
      objectReference: {fileID: 0}
    - target: {fileID: 8820617058596392096, guid: 01e1344503a7f794aac11ac0de9870aa, type: 3}
      propertyPath: m_Pivot.x
      value: 0.5
      objectReference: {fileID: 0}
    - target: {fileID: 8820617058596392096, guid: 01e1344503a7f794aac11ac0de9870aa, type: 3}
      propertyPath: m_Pivot.y
      value: 0.5
      objectReference: {fileID: 0}
    - target: {fileID: 8820617058596392096, guid: 01e1344503a7f794aac11ac0de9870aa, type: 3}
      propertyPath: m_RootOrder
      value: 1
      objectReference: {fileID: 0}
    - target: {fileID: 8820617058596392096, guid: 01e1344503a7f794aac11ac0de9870aa, type: 3}
      propertyPath: m_AnchorMax.x
      value: 0.5
      objectReference: {fileID: 0}
    - target: {fileID: 8820617058596392096, guid: 01e1344503a7f794aac11ac0de9870aa, type: 3}
      propertyPath: m_AnchorMax.y
      value: 0.5
      objectReference: {fileID: 0}
    - target: {fileID: 8820617058596392096, guid: 01e1344503a7f794aac11ac0de9870aa, type: 3}
      propertyPath: m_AnchorMin.x
      value: 0.5
      objectReference: {fileID: 0}
    - target: {fileID: 8820617058596392096, guid: 01e1344503a7f794aac11ac0de9870aa, type: 3}
      propertyPath: m_AnchorMin.y
      value: 0.5
      objectReference: {fileID: 0}
    - target: {fileID: 8820617058596392096, guid: 01e1344503a7f794aac11ac0de9870aa, type: 3}
      propertyPath: m_SizeDelta.x
      value: 325.04
      objectReference: {fileID: 0}
    - target: {fileID: 8820617058596392096, guid: 01e1344503a7f794aac11ac0de9870aa, type: 3}
      propertyPath: m_SizeDelta.y
      value: 170.63
      objectReference: {fileID: 0}
    - target: {fileID: 8820617058596392096, guid: 01e1344503a7f794aac11ac0de9870aa, type: 3}
      propertyPath: m_LocalPosition.x
      value: 0
      objectReference: {fileID: 0}
    - target: {fileID: 8820617058596392096, guid: 01e1344503a7f794aac11ac0de9870aa, type: 3}
      propertyPath: m_LocalPosition.y
      value: 0
      objectReference: {fileID: 0}
    - target: {fileID: 8820617058596392096, guid: 01e1344503a7f794aac11ac0de9870aa, type: 3}
      propertyPath: m_LocalPosition.z
      value: 0
      objectReference: {fileID: 0}
    - target: {fileID: 8820617058596392096, guid: 01e1344503a7f794aac11ac0de9870aa, type: 3}
      propertyPath: m_LocalRotation.w
      value: 1
      objectReference: {fileID: 0}
    - target: {fileID: 8820617058596392096, guid: 01e1344503a7f794aac11ac0de9870aa, type: 3}
      propertyPath: m_LocalRotation.x
      value: 0
      objectReference: {fileID: 0}
    - target: {fileID: 8820617058596392096, guid: 01e1344503a7f794aac11ac0de9870aa, type: 3}
      propertyPath: m_LocalRotation.y
      value: 0
      objectReference: {fileID: 0}
    - target: {fileID: 8820617058596392096, guid: 01e1344503a7f794aac11ac0de9870aa, type: 3}
      propertyPath: m_LocalRotation.z
      value: 0
      objectReference: {fileID: 0}
    - target: {fileID: 8820617058596392096, guid: 01e1344503a7f794aac11ac0de9870aa, type: 3}
      propertyPath: m_AnchoredPosition.x
      value: 9.9631
      objectReference: {fileID: 0}
    - target: {fileID: 8820617058596392096, guid: 01e1344503a7f794aac11ac0de9870aa, type: 3}
      propertyPath: m_AnchoredPosition.y
      value: -39.685036
      objectReference: {fileID: 0}
    - target: {fileID: 8820617058596392096, guid: 01e1344503a7f794aac11ac0de9870aa, type: 3}
      propertyPath: m_LocalEulerAnglesHint.x
      value: 0
      objectReference: {fileID: 0}
    - target: {fileID: 8820617058596392096, guid: 01e1344503a7f794aac11ac0de9870aa, type: 3}
      propertyPath: m_LocalEulerAnglesHint.y
      value: 0
      objectReference: {fileID: 0}
    - target: {fileID: 8820617058596392096, guid: 01e1344503a7f794aac11ac0de9870aa, type: 3}
      propertyPath: m_LocalEulerAnglesHint.z
      value: 0
      objectReference: {fileID: 0}
    m_RemovedComponents: []
  m_SourcePrefab: {fileID: 100100000, guid: 01e1344503a7f794aac11ac0de9870aa, type: 3}
--- !u!224 &2101083226123470471 stripped
RectTransform:
  m_CorrespondingSourceObject: {fileID: 8820617058596392096, guid: 01e1344503a7f794aac11ac0de9870aa, type: 3}
  m_PrefabInstance: {fileID: 7440417676930615847}
  m_PrefabAsset: {fileID: 0}
